@article{Cook:1971,
  title={The complexity of theorem-proving procedures},
  author={Cook, S. A.},
  journal={Proceedings of the third annual ACM symposium on Theory of computing},
  pages={151--158},
  year={1971},
  publisher={ACM},
  language={russian},
}

@article{SvdHocker,
  title={SVD Approach to Data Unfolding},
  author={Andreas Höcker, Vakhtang Kartvelishvili},
  year={1995},
  language={english},
}

@article{SvdBogomolov,
  title={Модификация регуляризационного SVD-метода обратной свёртки},
  author={Ю.В. Богомолов, В.В. Алексеев, О.А. Леванова, А.Г. Майоров, В.В. Малахов, С.Г. Язынин},
  journal={Путь в науку??},
  year={2022},
  language={russian},
}

@article{UnfoldingMethods,
  title={Обзор методов обратной свертки},
  author={Ю.В. Богомолов, В.В. Алексеев, О.А. Леванова, А.Г. Майоров, В.В. Малахов},
  journal={УСПЕХИ ФИЗИЧЕСКИХ НАУК ПРИБОРЫ И МЕТОДЫ ИССЛЕДОВАНИЙ},
  year={2022},
  language={russian},
}

@article{ROOT,
  title={Офицмальный сайт пакета ROOT \\ https://root.cern.ch/}
}

@article{RooUnfold,
  title={Офицмальный сайт пакета RooUnfold \\ https://statisticalmethods.web.cern.ch/StatisticalMethods/unfolding/}
}


@article{Schmitt,
  title={TUnfold, an algorithm for correcting migration effects in high energy physics},
  author={Schmitt S.},
  journal={Journal of Instrumentation Vol. 7. No. 10},
  year={2012},
  language={russian},
}

@article{Agostini,
  title={ Improved iterative Bayesian unfolding},
  author={D'Agostini G.},
  journal={arXiv preprint arXiv:1010.0632},
  year={2010},
  language={russian},
}

